<?xml version="1.0" encoding="UTF-8"?><collection xmlns="http://www.loc.gov/MARC21/slim"><record><leader>00416nam--2200121-i-4500</leader><controlfield tag="001">000035455</controlfield><controlfield tag="002">20161230</controlfield><controlfield tag="005">20161230201040</controlfield><controlfield tag="008">060222s1000------------r-----000-0-eng-d</controlfield><datafield ind1=" " ind2=" " tag="245"><subfield code="a">Seventh national quantum electronics conference 16-20 sept. 1985 abbey hotel and winter gardens, great malvern</subfield></datafield><datafield ind1=" " ind2=" " tag="260"><subfield code="a">Exhibition Digest.</subfield></datafield><datafield ind1=" " ind2=" " tag="490"><subfield code="a">Great Malvern, The Institute Of Physics, 1985. Pag.Dif</subfield></datafield><datafield ind1=" " ind2=" " tag="852"><subfield code="a">621.375.82(061.3)</subfield></datafield></record></collection>